%YAML 1.1
%TAG !u! tag:unity3d.com,2011:
--- !u!1001 &100100000
Prefab:
  m_ObjectHideFlags: 1
  serializedVersion: 2
  m_Modification:
    m_TransformParent: {fileID: 0}
    m_Modifications: []
    m_RemovedComponents: []
  m_ParentPrefab: {fileID: 0}
  m_RootGameObject: {fileID: 1023323910540968}
  m_IsPrefabParent: 1
--- !u!1 &1023323910540968
GameObject:
  m_ObjectHideFlags: 0
  m_PrefabParentObject: {fileID: 0}
  m_PrefabInternal: {fileID: 100100000}
  serializedVersion: 5
  m_Component:
  - component: {fileID: 4662863791454048}
  - component: {fileID: 212311534810294122}
  - component: {fileID: 114925133186392318}
  m_Layer: 0
  m_Name: 1200px-Square_-_black_simple.svg
  m_TagString: Untagged
  m_Icon: {fileID: 0}
  m_NavMeshLayer: 0
  m_StaticEditorFlags: 0
  m_IsActive: 1
--- !u!4 &4662863791454048
Transform:
  m_ObjectHideFlags: 1
  m_PrefabParentObject: {fileID: 0}
  m_PrefabInternal: {fileID: 100100000}
  m_GameObject: {fileID: 1023323910540968}
  m_LocalRotation: {x: 0, y: 0, z: 0, w: 1}
  m_LocalPosition: {x: 2.48, y: -4.498, z: 0}
  m_LocalScale: {x: 1.0971563, y: 1.097156, z: 1}
  m_Children: []
  m_Father: {fileID: 0}
  m_RootOrder: 0
  m_LocalEulerAnglesHint: {x: 0, y: 0, z: 0}
--- !u!114 &114925133186392318
MonoBehaviour:
  m_ObjectHideFlags: 1
  m_PrefabParentObject: {fileID: 0}
  m_PrefabInternal: {fileID: 100100000}
  m_GameObject: {fileID: 1023323910540968}
  m_Enabled: 1
  m_EditorHideFlags: 0
  m_Script: {fileID: 11500000, guid: 4d3b9ad33f80bcd41ba1ebba0a074682, type: 3}
  m_Name: 
  m_EditorClassIdentifier: 
  s_Dounuts:
  - {fileID: 1335343385563394, guid: ebcf87dbd19931746b655e04cca35d7f, type: 2}
  - {fileID: 1143021470354966, guid: f50868c3b84ce0149a22d060a6ee59a9, type: 2}
  - {fileID: 1708751302504594, guid: ca2959bd46dee5247bcd059db07cea8f, type: 2}
  - {fileID: 1610678434514724, guid: bd8ba58963c36ae45ba3792d2ff7c67e, type: 2}
  - {fileID: 1776690629984582, guid: 8ad19b753eaaf264f96fee9f33d130c9, type: 2}
  - {fileID: 1138547230459056, guid: 584f27a6627e5c7429ad125a06969533, type: 2}
  - {fileID: 1591254703079846, guid: a0180bb482966f14caaf8d4d3b0cbb5f, type: 2}
  - {fileID: 1005632462705264, guid: 05bde33ebfc886d47b945169658c8bc7, type: 2}
--- !u!212 &212311534810294122
SpriteRenderer:
  m_ObjectHideFlags: 1
  m_PrefabParentObject: {fileID: 0}
  m_PrefabInternal: {fileID: 100100000}
  m_GameObject: {fileID: 1023323910540968}
  m_Enabled: 1
  m_CastShadows: 0
  m_ReceiveShadows: 0
  m_DynamicOccludee: 1
  m_MotionVectors: 1
  m_LightProbeUsage: 1
  m_ReflectionProbeUsage: 1
  m_Materials:
  - {fileID: 10754, guid: 0000000000000000f000000000000000, type: 0}
  m_StaticBatchInfo:
    firstSubMesh: 0
    subMeshCount: 0
  m_StaticBatchRoot: {fileID: 0}
  m_ProbeAnchor: {fileID: 0}
  m_LightProbeVolumeOverride: {fileID: 0}
  m_ScaleInLightmap: 1
  m_PreserveUVs: 0
  m_IgnoreNormalsForChartDetection: 0
  m_ImportantGI: 0
  m_StitchLightmapSeams: 0
  m_SelectedEditorRenderState: 0
  m_MinimumChartSize: 4
  m_AutoUVMaxDistance: 0.5
  m_AutoUVMaxAngle: 89
  m_LightmapParameters: {fileID: 0}
  m_SortingLayerID: 0
  m_SortingLayer: 0
  m_SortingOrder: 0
  m_Sprite: {fileID: 21300000, guid: 36777b5731fca2c418de2bba78795e85, type: 3}
  m_Color: {r: 1, g: 1, b: 1, a: 1}
  m_FlipX: 0
  m_FlipY: 0
  m_DrawMode: 0
  m_Size: {x: 12, y: 12}
  m_AdaptiveModeThreshold: 0.5
  m_SpriteTileMode: 0
  m_WasSpriteAssigned: 1
  m_MaskInteraction: 0
